<?xml version="1.0" encoding="UTF-8"?><collection xmlns="http://www.loc.gov/MARC21/slim"><record><leader>00446nam--2200157-i-4500</leader><controlfield tag="001">000033621</controlfield><controlfield tag="002">20161230</controlfield><controlfield tag="005">20170121205912</controlfield><controlfield tag="008">060222s1000------------r-----000-0-eng-d</controlfield><datafield ind1=" " ind2=" " tag="080"><subfield code="a">539.143.43</subfield></datafield><datafield ind1=" " ind2=" " tag="100"><subfield code="a">Nechtschein, Maxime</subfield></datafield><datafield ind1=" " ind2=" " tag="245"><subfield code="a">Detectiion radiative de la rmn d`etats nucleaires excites</subfield></datafield><datafield ind1=" " ind2=" " tag="260"><subfield code="a">Saclay</subfield><subfield code="b">Service Central De Documentation Du Cea</subfield><subfield code="c">1968</subfield></datafield><datafield ind1=" " ind2=" " tag="300"><subfield code="a">20 p.+10 Fig</subfield></datafield><datafield ind1=" " ind2=" " tag="852"><subfield code="a">D.1021</subfield></datafield><datafield ind1=" " ind2=" " tag="CAT"><subfield code="a">SYS</subfield><subfield code="c">20170121</subfield><subfield code="h">205912</subfield></datafield></record></collection>